<record><leader>00000cas a22000007a 4500</leader><controlfield tag="001">12815198</controlfield><controlfield tag="008">851118d19311932pauwr ne      0    0eng d</controlfield><datafield ind1=" " ind2=" " tag="010"><subfield code="a">sn 85055233 </subfield></datafield><datafield ind1=" " ind2=" " tag="040"><subfield code="a">NPH</subfield><subfield code="b">eng</subfield><subfield code="c">NPH</subfield><subfield code="d">OCLCQ</subfield></datafield><datafield ind1=" " ind2=" " tag="042"><subfield code="a">msc</subfield></datafield><datafield ind1="0" ind2="0" tag="245"><subfield code="a">Squirrel Hill news-times.</subfield></datafield><datafield ind1=" " ind2=" " tag="260"><subfield code="a">Pittsburgh, Pa. :</subfield><subfield code="b">Sol S. Goldstein</subfield></datafield><datafield ind1=" " ind2=" " tag="300"><subfield code="a">v. :</subfield><subfield code="b">ill. ;</subfield><subfield code="c">50 cm.</subfield></datafield><datafield ind1=" " ind2=" " tag="310"><subfield code="a">Weekly</subfield></datafield><datafield ind1="1" ind2=" " tag="362"><subfield code="a">Began 1931? Ceased 1932.</subfield><subfield code="z">Cf. Rossell, G. Pa. newspapers.</subfield></datafield><datafield ind1=" " ind2=" " tag="500"><subfield code="a">"Published every Friday."</subfield></datafield><datafield ind1=" " ind2=" " tag="580"><subfield code="a">Continues: Squirrel Hill times. Cf. NIM, 1983.</subfield></datafield><datafield ind1=" " ind2=" " tag="580"><subfield code="a">Continued by: Squirrel Hill news. Cf. Rossell.</subfield></datafield><datafield ind1=" " ind2=" " tag="588"><subfield code="a">Description based on: Vol. 8, no. 33 (Sept. 4, 1931).</subfield></datafield><datafield ind1=" " ind2=" " tag="752"><subfield code="a">United States</subfield><subfield code="b">Pennsylvania</subfield><subfield code="c">Allegheny</subfield><subfield code="d">Pittsburgh.</subfield></datafield><datafield ind1="1" ind2="0" tag="780"><subfield code="t">Squirrel Hill times (Pittsburgh, Pa.)</subfield></datafield><datafield ind1="1" ind2="0" tag="785"><subfield code="t">Squirrel Hill news</subfield><subfield code="w">(DLC)sn 85054704</subfield></datafield><datafield ind1="1" ind2=" " tag="029"><subfield code="a">AU@</subfield><subfield code="b">000025804956</subfield></datafield></record>